<record><leader>00000cas a22000007a 4500</leader><controlfield tag="001">18445205</controlfield><controlfield tag="008">880905d18561856iaudn ne      0    0eng d</controlfield><datafield ind1=" " ind2=" " tag="010"><subfield code="a">sn 88059757 </subfield></datafield><datafield ind1=" " ind2=" " tag="040"><subfield code="a">INP</subfield><subfield code="b">eng</subfield><subfield code="c">INP</subfield><subfield code="d">OCLCQ</subfield></datafield><datafield ind1=" " ind2=" " tag="042"><subfield code="a">msc</subfield></datafield><datafield ind1="0" ind2=" " tag="130"><subfield code="a">Daily morning enquirer (Muscatine, Iowa : 1856)</subfield></datafield><datafield ind1="1" ind2="4" tag="245"><subfield code="a">The daily morning enquirer.</subfield></datafield><datafield ind1="1" ind2="3" tag="246"><subfield code="a">Daily enquirer</subfield></datafield><datafield ind1="1" ind2="3" tag="246"><subfield code="a">Democratic enquirer</subfield></datafield><datafield ind1=" " ind2=" " tag="260"><subfield code="a">City of Muscatine [Iowa] :</subfield><subfield code="b">Biles &amp; Clark,</subfield><subfield code="c">1856.</subfield></datafield><datafield ind1=" " ind2=" " tag="300"><subfield code="a">1 v.</subfield></datafield><datafield ind1=" " ind2=" " tag="310"><subfield code="a">Daily (except Sunday)</subfield></datafield><datafield ind1="0" ind2=" " tag="362"><subfield code="a">Vol. 1, no. 57 (Oct. 28, 1856)-v. 1, no. 77 (Nov. 13, 1856).</subfield></datafield><datafield ind1="0" ind2=" " tag="775"><subfield code="t">Iowa democratic enquirer</subfield><subfield code="w">(DLC)sn 86083327</subfield></datafield><datafield ind1="0" ind2="0" tag="780"><subfield code="t">Daily enquirer (Muscatine, Iowa)</subfield><subfield code="w">(DLC)sn 88059758</subfield></datafield></record>